<record><leader>00000cas a2200000 a 4500</leader><controlfield tag="001">10864497</controlfield><controlfield tag="008">840620d18861889ksuwr ne      0   a0eng d</controlfield><datafield ind1=" " ind2=" " tag="010"><subfield code="a">sn 84029230 </subfield></datafield><datafield ind1=" " ind2=" " tag="040"><subfield code="a">KSH</subfield><subfield code="b">eng</subfield><subfield code="c">KSH</subfield><subfield code="d">NPT</subfield><subfield code="d">OCL</subfield><subfield code="d">OCLCQ</subfield></datafield><datafield ind1=" " ind2=" " tag="042"><subfield code="a">msc</subfield></datafield><datafield ind1="0" ind2=" " tag="130"><subfield code="a">Pittsburg headlight (Pittsburg, Kan. : 1886)</subfield></datafield><datafield ind1="1" ind2="0" tag="245"><subfield code="a">Pittsburg headlight.</subfield></datafield><datafield ind1=" " ind2=" " tag="260"><subfield code="a">Pittsburg, Kan. :</subfield><subfield code="b">[s.n.],</subfield><subfield code="c">1886-1889.</subfield></datafield><datafield ind1=" " ind2=" " tag="300"><subfield code="a">4 v. ;</subfield><subfield code="c">50-59 cm.</subfield></datafield><datafield ind1=" " ind2=" " tag="310"><subfield code="a">Weekly</subfield></datafield><datafield ind1="0" ind2=" " tag="362"><subfield code="a">Vol. 1, no. 31 (May 22, 1886)-v. 4, no. 50 (Sept. 12, 1889).</subfield></datafield><datafield ind1=" " ind2=" " tag="500"><subfield code="a">Publisher varies.</subfield></datafield><datafield ind1=" " ind2=" " tag="752"><subfield code="a">United States</subfield><subfield code="b">Kansas</subfield><subfield code="c">Crawford</subfield><subfield code="d">Pittsburg.</subfield></datafield><datafield ind1="0" ind2=" " tag="775"><subfield code="t">Daily headlight (Pittsburg, Kan.)</subfield><subfield code="w">(DLC)sn 84029247</subfield></datafield><datafield ind1="0" ind2="0" tag="780"><subfield code="t">Headlight (Pittsburg, Kan.)</subfield><subfield code="w">(DLC)sn 84029228</subfield></datafield><datafield ind1="0" ind2="0" tag="785"><subfield code="t">Pittsburg weekly headlight</subfield><subfield code="w">(DLC)sn 84029231</subfield></datafield></record>